@Book{xie2015,
  title = {Dynamic Documents with {R} and knitr},
  author = {Yihui Xie},
  publisher = {Chapman and Hall/CRC},
  address = {Boca Raton, Florida},
  year = {2015},
  edition = {2nd},
  note = {ISBN 978-1498716963},
  url = {http://yihui.name/knitr/},
}

@book{devore2011modern,
  title={Modern Mathematical Statistics with Applications},
  author={Devore, Jay L and Berk, Kenneth N},
  year={2011},
  publisher={Springer Science \& Business Media}
}

@book{evans2004probability,
  title={Probability and statistics: The science of uncertainty},
  author={Evans, Michael J and Rosenthal, Jeffrey S},
  year={2004},
  publisher={Macmillan}
}