@Article{horton,
    author = {Randall Pruim and Daniel T Kaplan and Nicholas J Horton},
    title = {The mosaic Package: Helping Students to 'Think with Data' Using R},
    journal = {The R Journal},
    volume = {9},
    number = {1},
    pages = {77--102},
    year = {2017},
    url = {https://journal.r-project.org/archive/2017/RJ-2017-024/index.html},
  }
  
@Article{startwithR,
    author = {Randall Pruim and Nicholas J Horton and Daniel T Kaplan},
    title = {Start Teaching with R},
    year = {2015},
    url = {https://github.com/ProjectMOSAIC/LittleBooks/blob/master/Starting/MOSAIC-StartTeaching.pdf}
  }

@inproceedings{bhatnagar2016dalite,
  title={DALITE: Asynchronous peer instruction for MOOCs},
  author={Bhatnagar, Sameer and Lasry, Nathaniel and Desmarais, Michel and Charles, Elizabeth},
  booktitle={European Conference on Technology Enhanced Learning},
  pages={505--508},
  year={2016},
  organization={Springer}
}

